<record xmlns="http://www.loc.gov/MARC21/slim" xmlns:xsi="http://www.w3.org/2001/XMLSchema-instance" xsi:schemaLocation="http://www.loc.gov/MARC21/slim http://www.loc.gov/standards/marcxml/schema/MARC21slim.xsd"><leader>00833cz   2200181n  4500</leader><controlfield tag="001">oca01861387 </controlfield><controlfield tag="005">19970122155529.1</controlfield><controlfield tag="008">870522n| acannaab|          |a aaa      </controlfield><datafield ind1=" " ind2=" " tag="010"><subfield code="a">n  86119012 </subfield></datafield><datafield ind1=" " ind2=" " tag="040"><subfield code="a">DLC</subfield><subfield code="c">DLC</subfield><subfield code="d">DLC</subfield><subfield code="d">TNJ</subfield><subfield code="d">DLC</subfield></datafield><datafield ind1="0" ind2=" " tag="100"><subfield code="a">Antisthenes,</subfield><subfield code="d">ca. 445-ca. 360 B.C.</subfield></datafield><datafield ind1="0" ind2=" " tag="400"><subfield code="a">Antisthenes,</subfield><subfield code="c">of Athens,</subfield><subfield code="d">ca. 445-ca. 360 B.C.</subfield></datafield><datafield ind1="0" ind2=" " tag="400"><subfield code="a">Antistene,</subfield><subfield code="d">ca. 445-ca. 360 B.C.</subfield></datafield><datafield ind1=" " ind2=" " tag="670"><subfield code="a">Ranking, H.D. Antisthenes sokratikos, 1986:</subfield><subfield code="b">t.p. (Antisthenes)</subfield></datafield><datafield ind1=" " ind2=" " tag="670"><subfield code="a">Encycl. Brit.</subfield><subfield code="b">(Antisthenes ca. 445-ca. 365 B.C., Greek philosopher, of Athens)</subfield></datafield><datafield ind1=" " ind2=" " tag="670"><subfield code="a">Oxford class. dict.</subfield><subfield code="b">(Antisthenes, ca. 445-ca. 360, one of the most devoted followers of Socrates)</subfield></datafield><datafield ind1=" " ind2=" " tag="670"><subfield code="a">OCLC, 2/21/95</subfield><subfield code="b">(hdg.: Antisthenes, of Athens; usage: Antisthenes)</subfield></datafield><datafield ind1=" " ind2=" " tag="670"><subfield code="a">Brancacci, A. Oikeios logos : la filosofia del linguaggio di Antistene, c1990.</subfield></datafield></record>